\begin{thebibliography}{9}
@misc{dct,
    title = {DCT},
    author = {Geeksforgeeks},
    howpublished = {\url{https://www.geeksforgeeks.org/discrete-cosine-transform-algorithm-program/}},
} 
@misc{huffman,
    title = {Huffman},
    author = {Geeksforgeeks},
    howpublished = {\url{https://www.geeksforgeeks.org/huffman-coding-greedy-algo-3/}},
} 
@misc{2,
    title = {Lossles Vs Lossy},
    author = {Codegeekz},
    howpublished = {\url{https://codegeekz.com/understanding-the-difference-between-lossless-and-lossy-audio-files/}},
} 
@misc{3,
    title = {Lossy compression},
    author = {Lifewire},
    howpublished = {\url{https://www.lifewire.com/what-makes-an-audio-format-lossy-2438561#}},
} 
@misc{4,
    title = {Lossless compression},
    author = {Lifewire},
    howpublished = {\url{https://www.lifewire.com/what-makes-an-audio-format-lossless-2438560}},
} 
@misc{5,
    title = {Data compression},
    author = {Wikipedia},
    howpublished = {\url{https://en.wikipedia.org/wiki/Data_compression}},
} 

\end{thebibliography}